
@INPROCEEDINGS{fischer, 
author={Fischer, M. and Pinzger, M. and Gall, H.}, 
booktitle={Software Maintenance, 2003. ICSM 2003. Proceedings. International Conference on}, 
title={Populating a Release History Database from version control and bug tracking systems}, 
year={2003}, 
pages={23-32}, 
keywords={configuration management;database management systems;program debugging;project management;query processing;software maintenance;system monitoring;Mozilla;Release History Database;bug tracking systems;database population;historical information;large open source project;merge points;software evolution;version control;Application software;Computer errors;Control systems;Data engineering;Databases;History;Information analysis;Open source software;Systems engineering and theory;Technological innovation}, 
doi={10.1109/ICSM.2003.1235403}, 
ISSN={1063-6773},}

@INPROCEEDINGS{MSRChallenge2013,
   author={Alberto Bacchelli},
   title={Mining Challenge 2013: Stack Overflow},
   booktitle={The 10th Working Conference on Mining Software Repositories},
   year={2013},
   pages={to appear}
 }